<record><leader>00000cas a22000007a 4500</leader><controlfield tag="001">5144709</controlfield><controlfield tag="008">790706c19749999nyuwr ne      0   a0eng d</controlfield><datafield ind1=" " ind2=" " tag="010"><subfield code="a">sn 79003372 </subfield></datafield><datafield ind1=" " ind2=" " tag="040"><subfield code="a">NSD</subfield><subfield code="b">eng</subfield><subfield code="c">NSD</subfield><subfield code="d">NYS</subfield><subfield code="d">OCLCQ</subfield><subfield code="d">OCLCF</subfield><subfield code="d">OCLCO</subfield></datafield><datafield ind1=" " ind2=" " tag="012"><subfield code="k">1</subfield><subfield code="m">c</subfield></datafield><datafield ind1="1" ind2=" " tag="022"><subfield code="a">0193-0311</subfield><subfield code="l">0193-0311</subfield><subfield code="2">1</subfield></datafield><datafield ind1="1" ind2=" " tag="029"><subfield code="a">AU@</subfield><subfield code="b">000025801352</subfield></datafield><datafield ind1=" " ind2=" " tag="032"><subfield code="a">011570</subfield><subfield code="b">USPS</subfield></datafield><datafield ind1=" " ind2=" " tag="042"><subfield code="a">nsdp</subfield><subfield code="a">msc</subfield></datafield><datafield ind1=" " ind2="0" tag="222"><subfield code="a">Salmon River news</subfield></datafield><datafield ind1="0" ind2="0" tag="245"><subfield code="a">Salmon River news.</subfield></datafield><datafield ind1="3" ind2="0" tag="246"><subfield code="a">Oswego County weeklies hometown news</subfield></datafield><datafield ind1="3" ind2="0" tag="246"><subfield code="a">Oswego County weeklies</subfield></datafield><datafield ind1="3" ind2="0" tag="246"><subfield code="a">Hometown news</subfield></datafield><datafield ind1=" " ind2=" " tag="260"><subfield code="a">Pulaski, N.Y. :</subfield><subfield code="b">Everet V. Backus,</subfield><subfield code="c">1974-</subfield></datafield><datafield ind1=" " ind2=" " tag="300"><subfield code="a">v. ;</subfield><subfield code="c">33-44 cm.</subfield></datafield><datafield ind1=" " ind2=" " tag="310"><subfield code="a">Weekly</subfield></datafield><datafield ind1="0" ind2=" " tag="362"><subfield code="a">[Vol. 1, no. 1] (Apr. 10, 1974)-</subfield></datafield><datafield ind1=" " ind2=" " tag="500"><subfield code="a">"Your hometown newspaper."</subfield></datafield><datafield ind1=" " ind2=" " tag="500"><subfield code="a">Second section called: Oswego County weeklies, Nov. 6, 1974-Oct. 4, 1983; Oswego County weeklies hometown news, Oct. 11, 1983-</subfield></datafield><datafield ind1=" " ind2=" " tag="500"><subfield code="a">Published by: Mexico-Independent, Inc., Mexico, N.Y., &lt;1988-1994&gt;.</subfield></datafield><datafield ind1=" " ind2=" " tag="515"><subfield code="a">Numbering begins with vol. 1, no. 2 (Apr. 17, 1974).</subfield></datafield><datafield ind1=" " ind2="0" tag="651"><subfield code="a">Pulaski (N.Y.)</subfield><subfield code="v">Newspapers.</subfield></datafield><datafield ind1=" " ind2="0" tag="651"><subfield code="a">Mexico (N.Y.)</subfield><subfield code="v">Newspapers.</subfield></datafield><datafield ind1=" " ind2="0" tag="651"><subfield code="a">Oswego County (N.Y.)</subfield><subfield code="v">Newspapers.</subfield></datafield><datafield ind1=" " ind2="7" tag="655"><subfield code="a">Newspapers.</subfield><subfield code="2">fast</subfield><subfield code="0">(OCoLC)fst01423814</subfield></datafield><datafield ind1=" " ind2="7" tag="651"><subfield code="a">New York (State)</subfield><subfield code="z">Mexico.</subfield><subfield code="2">fast</subfield><subfield code="0">(OCoLC)fst01221623</subfield></datafield><datafield ind1=" " ind2="7" tag="651"><subfield code="a">New York (State)</subfield><subfield code="z">Oswego County.</subfield><subfield code="2">fast</subfield><subfield code="0">(OCoLC)fst01208853</subfield></datafield><datafield ind1=" " ind2="7" tag="651"><subfield code="a">New York (State)</subfield><subfield code="z">Pulaski.</subfield><subfield code="2">fast</subfield><subfield code="0">(OCoLC)fst01221624</subfield></datafield><datafield ind1=" " ind2=" " tag="752"><subfield code="a">United States</subfield><subfield code="b">New York</subfield><subfield code="c">Oswego</subfield><subfield code="d">Mexico.</subfield></datafield><datafield ind1=" " ind2=" " tag="752"><subfield code="a">United States</subfield><subfield code="b">New York</subfield><subfield code="c">Oswego</subfield><subfield code="d">Pulaski.</subfield></datafield><datafield ind1=" " ind2=" " tag="936"><subfield code="a">Vol. 21, no. 6 (Feb. 8, 1994) LIC</subfield></datafield></record>